@book{Quynh2015,
author = {Quỳnh, Trần.T.T},
file = {:C$\backslash$:/Users/dohai/Documents/Mendeley/Quỳnh/Unknown/Quỳnh - 2015 - Nghi{\^{e}}n cứu n{\^{a}}ng cao hiệu năng của hệ t{\`{i}}m phương sử dụng anten kh{\^{o}}ng tầm pha trong m{\^{o}}i trường c{\'{a}}c nguồn t{\'{i}}n hiệu tương qua.pdf:pdf},
pages = {19--23},
title = {{Nghi{\^{e}}n cứu n{\^{a}}ng cao hiệu năng của hệ t{\`{i}}m phương sử dụng anten kh{\^{o}}ng tầm pha trong m{\^{o}}i trường c{\'{a}}c nguồn t{\'{i}}n hiệu tương quan}},
year = {2015}
}
